@misc{article1,
  author = {Silver Moon},
  title = {DNS Query Code in C with Linux sockets},
  year = {2020},
  howpublished = {\url{https://www.binarytides.com/dns-query-code-in-c-with-linux-sockets/}}
}

@misc{rfc1035,
  author = {P. Mockapetris},
  title = {DOMAIN NAMES - IMPLEMENTATION AND SPECIFICATION},
  year = {1987},
  howpublished = {\url{https://datatracker.ietf.org/doc/html/rfc1035}}
}

@misc{rfc2065,
  author = {CyberCash and C. Kaufman and Iris},
  title = {The AD and CD Header Bits},
  year = {1997},
  howpublished = {\url{https://www.freesoft.org/CIE/RFC/2065/40.htm}}
}

@misc{rfc3596,
  author = {S. Thomson and Cisco and C. Huitema and Microsoft and V. Ksinant and 6WIND and M. Souissi and AFNIC},
  title = {DNS Extensions to Support IP Version 6},
  year = {2003},
  howpublished = {\url{https://datatracker.ietf.org/doc/html/rfc3596}}
}

@misc{article2,
  author = {riveraj},
  title = {DNS Resolver},
  year = {2013},
  howpublished = {\url{https://github.com/riveraj/dns-resolver/blob/master/main.c}}
}